%%%%%%%%%%%%%%%%%%%%%%%%%%%%%%%%%%%%
%%%%%%%%%%%%%%% MINE %%%%%%%%%%%%%%% 
%%%%%%%%%%%%%%%%%%%%%%%%%%%%%%%%%%%%

@article{fahn_updrs,
    author={Fahn, S. and Elton, R.},
    title={Unified Parkinson's Disease Rating Scale},
    journal={Recent Development in Parkinson's Disease},
    publisher={Macmillan},
    year={1987},
    volume={2}
}

@article {hoehn_yahr,
	author = {Hoehn, Margaret M. and Yahr, Melvin D.},
	title = {Parkinsonism},
	volume = {17},
	number = {5},
	pages = {427--427},
	year = {1967},
	doi = {10.1212/WNL.17.5.427},
	publisher = {Wolters Kluwer Health, Inc. on behalf of the American Academy of Neurology},
	issn = {0028-3878},
	URL = {https://n.neurology.org/content/17/5/427},
	eprint = {https://n.neurology.org/content/17/5/427.full.pdf},
	journal = {Neurology}
}

@article{parkinson_worldwide,
	author = {Dorsey, E. and Sherer, Todd and Okun, Michael and Bloem, Bas},
	year = {2018},
	month = {12},
	pages = {S3-S8},
	title = {The Emerging Evidence of the Parkinson Pandemic},
	volume = {8},
	journal = {Journal of Parkinson's Disease},
	doi = {10.3233/JPD-181474}
}

@Inbook{parkinson_incidence,
    author={Rai, Mahendra
    and Yadav, Alka
    and Ingle, Avinsh P.
    and Reshetilov, Anatoly
    and Blanco-Prieto, Mar{\'i}a Jos{\'e}
    and Feitosa, Chistiane},
    title={Neurodegenerative Diseases: The Real Problem and Nanobiotechnological Solutions},
    bookTitle={Nanobiotechnology in Neurodegenerative Diseases},
    year={2019},
    publisher={Springer International Publishing},
    pages={1--17},
}

@article {parkinson_10_years,
    author={Williams-Gray, C. and Mason, S. and Evans, J. and Foltynie, T. and Brayne, C. and Robbins, T. and Barker, R.},
    title={The CamPaIGN study of Parkinson’s disease: 10-year outlook in an incident population-based cohort},
    journal={Journal of Neurology, Neurosurgery and Psychiatry},
    year={2013},
    volume={84},
    pages={1258--1264}
}

@article {parkinson_20_years,
    author={Hely, M. and Reid, W. and Adena, M. and Halliday, G. and Morris, J.},
    title={The Sydney multicenter study of Parkinson’s disease: the inevitability of dementia at 20 years},
    journal={Movement Disorders Journal},
    year={2008},
    volume={23},
    pages={837--844}
}

@article{epidemiology_pd,
    author={Tysnes, Ole-Bjørn and Storstein, Anette},
    title={Epidemiology of Parkinson's disease},
    journal={Journal of neural transmission},
    publisher={Macmillan},
    year={2017},
    pages={901--905},
    volume={124}
}

@misc{parkinson,
    author = "{National Institute of Aging}",
    title = {Parkinson's Disease},
    howpublished = {\url{https://www.nia.nih.gov/health/parkinsons-disease}},
    year={2017},
    note = {Online; accessed 23 December 2020}
}

@misc{parkinson_symptoms,
    author = {Mayo Clinic},
    title = {Parkinson's Disease},
    howpublished = {\url{https://www.mayoclinic.org/diseases-conditions/parkinsons-disease/symptoms-causes/syc-20376055}},
    year = {2020},
    note = {Online; accessed 23 December 2020}
}

@article{speech_impairments_parkinson,
  title={Speech impairment in a large sample of patients with Parkinson’s disease},
  author={Ho, Aileen and Iansek, Robert and Marigliani, Caterina and Bradshaw, John and Gates, Sandra},
  journal={Behavioural neurology},
  volume={11},
  year={1998},
  pages={131–137},
  publisher={PubMed}
}

@misc{dementia_who,
    author = "{World Health Organization}",
    title = {{Dementia}},
    year = {2020},
    howpublished = {\url{https://www.who.int/news-room/fact-sheets/detail/dementia}},
    note = {Online; accessed 23 Setember 2020}
}

@article{dementia2020,
    author= {Fleming, Richard and Zeisel, John and Bennett, Kirsty},
    year={2020},
    title={World Alzheimer Report 2020: Design Dignity Dementia: dementia-related design and the built environment, Volume 1},
    publisher= {Alzheimer’s Disease International}
}

@misc{dementia_mayo,
    author = "{Mayo Clinic}",
    title = {Dementia},
    year = {2019},
    howpublished = {\url{https://www.mayoclinic.org/diseases-conditions/dementia/symptoms-causes/syc-20352013}},
    note = {Online; accessed 23 Setember 2020}
}

@article{parkinson_early,
  title={Improving Outcomes Through Early Diagnosis of Parkinson's Disease},
  author={Pagan, Fernando},
  journal={American Journal of Managed Care},
  volume={18},
  year={2012},
  publisher={AJMC}
}

@misc{mmse_what_is_it,
    author = "{Health Direct}",
    title = {Mini-Mental State Examination (MMSE)},
    howpublished = {\url{https://www.healthdirect.gov.au/mini-mental-state-examination-mmse}},
    year = {2019},
    note = {Online; accessed 23 December 2020}
}


@inproceedings{updrs,
  title={Unified Parkinson’s Disease Rating Scale},
  author={Fish, Jessica},
  booktitle={Encyclopedia of Clinical Neuropsychology},
  pages={2576--2577},
  year={2011},
  organization={Springer}
}

@inproceedings{mds_updrs,
  title={MDS-UPDRS: The MDS-sponsored Revision of the Unified Parkinson’s Disease Rating Scale},
  author={Goetz, Christopher and Poewe, Werner and Rascol, Olivier and Sampaio, Cristina and Stebbins, Glenn and Fahn, Stanley and Lang, Anthony and Martinez-Martin, Pablo and Tilley, Barbara},
  year={2008},
  journal={Movement Disorder},
  organization={Movement Disorder Society}
}

@article{updrs_bias,
  title={The Unified Parkinson’s Disease Rating Scale (UPDRS): Status and Recommendations},
  author={Goetz, Christopher and Poewe, Werner and Rascol, Olivier and Sampaio, Cristina and Stebbins, Glenn and Fahn, Stanley and Lang, Anthony and Martinez-Martin, Pablo and Tilley, Barbara and Van Hilten, Bob},
  journal={Movement Disorder},
  volume={18(7)},
  year={2003},
  publisher={Movement Disorder Society}
}

@article{parkinson_disfluency_harel,
  title={Acoustic characteristics of Parkinsonian speech: a potential biomarker of early disease progression and treatment},
  author={Harel, Brian and Cannizzaro, Michael and Cohen, Henrí and Reilly, Nicole and Snyder, Peter},
  journal={Journal of Neurolinguistics},
  volume={17},
  pages={439–453},
  year={2004},
  publisher={Elsevier}
}

@article{underfitting_small_datasets,
  title={Extreme Data Mining: Inference from Small Datasets},
  author={Andonie, Razvan},
  journal={International Journal of Computers, Communications \& Contro},
  volume={3},
  pages={280-291},
  year={2010}
}

@inproceedings{x_vector_parkinson,
  author={Moro-Velázquez, Laureano and Villalba, Jesus and Dehak, Nasim},
  booktitle={ICASSP 2020 - 2020 IEEE International Conference on Acoustics, Speech and Signal Processing}, 
  title={Using X-Vectors to Automatically Detect Parkinson’s Disease from Speech}, 
  year={2020},
  pages={1155-1159},
}

@inproceedings{voxceleb1,
  author={Chung, Joon and Nagrani, Arsha and Zisserman, Andrew},
  booktitle={Interspeech}, 
  title={VoxCeleb: A Large-Scale Speaker Identification Dataset}, 
  year={2017},
  pages={2616–2620},
}

@inproceedings{voxceleb2,
  author={Chung, Joon and Nagrani, Arsha and Zisserman, Andrew},
  booktitle={Interspeech}, 
  title={VoxCeleb2: Deep Speaker Recognition}, 
  year={2018},
  pages={2616–2620},
}
  
@article{parkinson_acoustic_analysis_goberman,
  title={Acoustic analysis of clear versus conversational speech in individuals with Parkinson disease},
  author={Goberman, Alexander and Elmer, Lawrence},
  journal={Journal of Communication Disorders},
  volume={38},
  pages={215-230},
  year={2005},
  publisher={Elsevier}
}

@article{parkinson_phonemic_relevance,
  title={Phonetic relevance and phonemic grouping of speech in the automatic detection of Parkinson’s Disease},
  author={Moro-Velázquez, Laureano and Gomez-Garcia, Jorge and Godino-Llorente, Juan and Grandas-Perez, Francisco and Shattuck-Hufnagel, Stefanie and Yagüe-Jimenez, Virginia and Dehak, Najim},
  journal={Scientific Reports},
  volume={9},
  year={2019},
  publisher={Nature}
}

@article{parkinson_three_languages,
  title={Automatic detection of Parkinson’s disease in running speech spoken in three different languages},
  author={Orozco-Arroyave, Juan and Honig, Florian and Arias-Londoño, Julian and Vargas-Bonilla, J. Francisco and Daqrouq, Khaled and Skodda, Sabine and Rusz, Jan and Noth, Elmar},
  journal={Journal of the Acoustical Society of America},
  volume={139},
  pages={481–500},
  year={2016},
  publisher={Acoustical Society of America}
}

@article{parkinson_three_languages_moro_velazquez,
  title={Analysis of speaker recognition methodologies and the influence of kinetic changes to automatically detect Parkinson’s Disease},
  author={Moro-Velázquez, Laureano and Gómez-García, Jorge and Godino-Llorente, Juan and Villalba, Jesús and Orozco-Arroyave, Juan and Dehak, Najim},
  journal={Applied Soft Computing},
  volume={62},
  pages={649–666},
  year={2018},
  publisher={Elsevier}
}

@article{parkinson_acoustic_pompilli,
  title={Automatic Detection of Parkinson’s Disease: An Experimental Analysis of Common Speech Production Tasks Used for Diagnosis},
  author={Pompilli, Anna and Abad, Alberto and Romano, Paolo and Pavão Martins, Isabel and Cardoso, Rita and Santos, Helena and Carvalho, Joana and Guimarães, Isabel and Ferreira, Joaquim},
  journal={Text, Speech, and Dialogue. TSD 2017. Lecture Notes in Computer Science},
  volume={10415},
  year={2017},
  publisher={Springer},
  DOI={https://doi.org/10.1007/978-3-319-64206-2_46}
}

@article{parkinson_acoustic_despotovic,
  title={Speech Based Estimation of Parkinson’s Disease Using Gaussian Processes and Automatic Relevance Determination},
  author={Despotovic, Vladimir and Skovranek, Tomas and Schommer, Christoph},
  journal={Neurocomputing},
  volume={401},
  pages={173-181},
  year={2020},
  publisher={Elsevier},
  DOI={https://doi.org/10.1016/j.neucom.2020.03.058}
}

@article{parkinson_acoustic_almeida,
  title={Detecting Parkinson’s disease with sustained phonation and speech signals using machine learning techniques},
  author={Almeida, Jefferson and Filho, Pedro and Carneiro, Tiago and Wei, Wei and Damaševičius, Robertas and Maskeliunas, Rytis and Albuquerque, Victor},
  journal={Pattern Recognition Letters},
  volume={125},
  pages={55-62},
  year={2019},
  publisher={Elsevier},
  DOI={https://doi.org/10.1016/j.patrec.2019.04.005}
}

@article{parkinson_acoustic_yaman,
  title={Automated Parkinson’s disease recognition based on statistical pooling method using acoustic features},
  author={Yaman, Orhan and Ertam, Fatih and Tuncer, Turker},
  journal={Medical Hypotheses},
  volume={135},
  year={2020},
  publisher={Elsevier},
  DOI={https://doi.org/10.1016/j.mehy.2019.109483}
}

@article{naranjo_dataset,
  title={Addressing voice recording replications for Parkinson’s disease detection},
  author={Naranjo, Lizbeth and Pérez, Carlos and Campos-Roca, Yolanda and Martín, Jacinto},
  journal={Expert Systems With Applications},
  volume={46},
  year={2016},
  publisher={Elsevier},
  DOI={http://dx.doi.org/10.1016/j.eswa.2015.10.034}
}

@article{parkinson_acoustic_tracy,
  title={Investigating voice as a biomarker: Deep phenotyping methods for earlydetection of Parkinson's disease},
  author={Tracy, John and Özkancab, Yasin and Atkins, David and Ghomi, Reza},
  journal={Journal of Biomedical Informatics},
  volume={104},
  year={2020},
  publisher={Elsevier},
  DOI={https://doi.org/10.1016/j.jbi.2019.103362}
}

@article{mmse_pros,
  title={The Severe Mini-Mental State Examination: A New Neuropsychologic Instrument for the Bedside Assessment of Severely Impaired Patients With Alzheimer Disease},
  author={Harrell, Lindy and Marson, Daniel and Chatterjee, Anjan and Parrish, Jo},
  journal={Alzheimer Disease and Associated Disorders},
  volume={14},
  year={2000},
  publisher={PubMed},
  DOI={https://doi.org/10.1097/00002093-200007000-00008}
}

@article{mmse_cons,
  title={The mini-mental state examination: a comprehensive review},
  author={Tombaugh, Tom and McIntyre, Nancy},
  journal={Journal of the American Geriatrics Society},
  volume={40},
  year={1992},
  publisher={PubMed},
  DOI={https://doi.org/10.1111/j.1532-5415.1992.tb01992.x}
}

@article{interpretability_importance,
  title={The importance of interpretability and visualization in machine learning for applications in medicine and health care},
  author={Vellido, Alfredo},
  journal={Neural Computing and Applications},
  year={2019},
  publisher={Springer},
  DOI={https://doi.org/10.1007/s00521-019-04051-w}
}

@article{LIME_explainability,
  title={An Explainable Machine Learning Model for Early Detection of Parkinson’s Disease using LIME on DaTSCAN Imagery},
  author={Magesh, Pavan and Myloth, Richard and Rijo, Tom},
  journal={Computers in Biology and Medicine},
  year={2020},
  volume={126},
  publisher={Elsevier},
  DOI={https://doi.org/10.1016/j.compbiomed.2020.104041}
}

@article{explainable_ai_systems,
    title = {What do we need to build explainable AI systems for the medical domain?},
    author = {Holzinger, Andreas and Biemann, Chris and Pattichis, Constantinos and Kell, Douglas},
    year = {2017},
}

@article{black_box_model_problem,
    author = {London, Alex},
    year = {2019},
    pages = {15-21},
    title = {Artificial Intelligence and Black‐Box Medical Decisions: Accuracy versus Explainability},
    volume = {49},
    journal = {The Hastings Center Report},
    DOI = {10.1002/hast.973}
}

@article{ethical_black_box_decision,
    author = {Chen, Irene and Pierson, Emma and Rose,Sherri and Joshi, Shalmali and Ferryman, Kadija and Ghassemi, Marzyeh},
    year = {2020},
    title = {Ethical Machine Learning in Health Care},
    journal = {The Hastings Center Report},
    DOI = {https://doi.org/10.1146/}
}

@article{scikit-learn,
	title={Scikit-learn: Machine Learning in {P}ython},
	author={Pedregosa, F. and Varoquaux, G. and Gramfort, A. and Michel, V.
	and Thirion, B. and Grisel, O. and Blondel, M. and Prettenhofer, P.
	and Weiss, R. and Dubourg, V. and Vanderplas, J. and Passos, A. and
	Cournapeau, D. and Brucher, M. and Perrot, M. and Duchesnay, E.},
	journal={Journal of Machine Learning Research},
	volume={12},
	pages={2825--2830},
	year={2011}
}

@inproceedings{LIME,
  author={Ribeiro, Marco and Singh, Sameer and Guestrin, Carlos},
  booktitle={KDD '16: Proceedings of the 22nd ACM SIGKDD International Conference on Knowledge Discovery and Data Mining}, 
  title={“Why Should I Trust You?” Explaining the Predictions of Any Classifier}, 
  year={2016},
  pages={1135–1144},
}

@article{DeepLIFT,
    author = {Shrikumar, Avanti and Greenside, Peyton and Kundaje, Anshul},
    title = {Learning Important Features Through Propagating Activation Differences},
    journal = {CoRR},
    year = {2017},
}

@article{LRP,
    author = {Lapuschkin, Sebastian and Binder, Alexander and Montavon, Grégoire and Klauschen, Frederick and Müller, Klaus-Robert and Samek, Wojciech},
    year = {2015},
    title = {On Pixel-Wise Explanations for Non-Linear Classifier Decisions by Layer-Wise Relevance Propagation},
    volume = {10},
    journal = {PLoS ONE},
    doi = {10.1371/journal.pone.0130140}
}

@article{RISE,
    author = {Petsiuk, Vitali and Das, Abir and Saenko, Kate},
    title = {RISE: Randomized Input Sampling for Explanation of Black-box Models},
    journal = {CoRR},
    year = {2018},
}

@misc{XAI,
    title={Opportunities and Challenges in Explainable Artificial Intelligence (XAI): A Survey}, 
    author={Das, Arun and Rad, Paul},
    year={2020},
}

@article{MNIST,
  author = {LeCun, Yann and Cortes, Corinna},
  title = {{MNIST} handwritten digit database},
  year = {2010}
}

@article{NAM,
      title={Neural Additive Models: Interpretable Machine Learning with Neural Nets}, 
      author={Agarwal, Rishabh and Frosst, Nicholas and Zhang, Xuezhou and Caruana, Rich and Hinton, Geoffrey},
      year={2020},
}

@misc{TCAV,
      title={Interpretability Beyond Feature Attribution: Quantitative Testing with Concept Activation Vectors (TCAV)}, 
      author={Kim, Been and Wattenberg, Martin and Gilmer, Justin and Cai, Carrie and Wexler, James and Viegas, Fernanda and Sayres, Rory},
      year={2018}
}

@inproceedings{openSMILE,
    author = {Eyben, Florian and Wöllmer, Martin and Schuller, Björn},
    year = {2010},
    pages = {1459-1462},
    title = {openSMILE -- The Munich Versatile and Fast Open-Source Audio Feature Extractor},
    journal = {MM'10 - Proceedings of the ACM Multimedia 2010 International Conference},
    doi = {10.1145/1873951.1874246}
}

@article{idiopathic_parkinson,
      title={Towards the identification of Idiopathic Parkinson’s Disease from the speech. New articulatory kinetic biomarkers}, 
      author={Godino-Llorente, J. and Shattuck-Hufnage, S. and Choi, J. and Moro-Velázquez, Laureano and Gómez-García, J.},
      year={2017},
}

@article{f0_jitter,
      title={Acoustic characteristics of vowel sounds in patients with Parkinson disease}, 
      author={Bang, Y. and Min, K. and Sohn, Y. and Cho, S.},
      journal={NeuroRehabilitation},
      pages={649–654},
      volume={32},
      year={2013},
}

@article{shimmer,
      title={Voice dysfunction in dysarthria: application of the Multi-Dimensional Voice Program}, 
      author={Kent, T. and Vorperian, H. and Kent, J. and Duffy, J.},
      journal={Journal of Communication Disorders},
      pages={281–306},
      volume={36},
      year={2003},
}

@article{PDDD,
      title={Exploiting Nonlinear Recurrence and Fractal Scaling Properties for Voice Disorder Detection}, 
      author={Little, M. and McSharry, P. and Costello, D. and Moroz, I.},
      year={2007},
      journal = {BioMedical Engineering OnLine},
}

@article{PTD,
      title={Accurate telemonitoring of Parkinson’s disease progression by non-invasive speech tests}, 
      author={Tsanas, A. and Little, M. and McSharry, P. and Ramig, L.},
      year={2009},
      journal = {IEEE Transactions on Biomedical Engineering},
}

@article{features_explained,
  title={The Parkinson larynx: tremor and videostroboscopic findings.},
  author={Perez, K. and Ramig, L. and Smith, M. and Dromey, C.},
  journal={Journal of voice : official journal of the Voice Foundation},
  year={1996},
}

@article{parkinson_braga,
    title = {Automatic detection of Parkinson’s disease based on acoustic analysis of speech},
    journal = {Engineering Applications of Artificial Intelligence},
    volume = {77},
    pages = {148-158},
    year = {2019},
    doi = {https://doi.org/10.1016/j.engappai.2018.09.018},
    author = {Braga, Diogo and Madureira, Ana and Coelho, Luis and Ajith, Reuel}
}

@inproceedings{GITA,
  title={New Spanish speech corpus database for the analysis of people suffering from Parkinson's disease},
  author={Orozco-Arroyave, J. and Arias-Londo{\~n}o, J. and Vargas-Bonilla, J. and Gonzalez-R{\'a}tiva, M. and N{\"o}th, E.},
  booktitle={LREC},
  year={2014}
}

@inproceedings{Albayzin,
  title={Albayzin speech database: design of the phonetic corpus},
  author={Moreno, A. and Poch-Oliv{\'e}, D. and Bonafonte, A. and Lleida, E. and Llisterri, J. and Mari{\~n}o, J. and Nadeu, C.},
  booktitle={Eurospeech},
  year={1993}
}

@article{Neurovoz,
  title={A forced Gaussians based methodology for the differential evaluation of Parkinson's Disease by means of speech processing},
  author={Moro-Velazquez, Laureano and Gomez-Garcia, Jorge and Godino-Llorente, Juan and Dehak, Najim},
  journal={Biomedical Signal Processing and Control},
  pages={205--220},
  volume={48},
  year={2019},
  publisher={Elsevier}
}

@article{CzechPD,
  title={Imprecise vowel articulation as a potential early marker of Parkinson's disease: effect of speaking task.},
  author={Rusz, J. and Cmejla, R. and Tykalov{\'a}, T. and Ruzickova, H. and Klemp{\'i}r, J. and Majerova, V. and Picmausova, J. and Roth, J. and Růika, E.},
  journal={The Journal of the Acoustical Society of America},
  year={2013},
  pages={2171-2181}
}

@article{Proenca,
  title={Characterizing Parkinson’s disease speech by acoustic and phonetic features},
  author={Proença, J. and Perdigão, F. and Veira, A. and Candeias, S. and Lemos, J. and Januário, C.},
  journal={Computational Processing of the Portuguese Language},
  year={2014},
  pages={24-35}
}

@misc{UCI,
  title={Collection and Analysis of a Parkinson Speech Dataset with Multiple Types of Sound Recordings},
  author={Erdogdu Sakar, B. and Isenkul, M. and Sakar, C.O. and Sertbas, A. and Gurgen, F. and Delil, S. and Apaydin, H. and Kursun, O.},
  journal={IEEE Journal of Biomedical and Health Informatics},
  volume={17},
  year={2013},
  pages={828--834}
}

@article{mPower,
  title={The mPower study, Parkinson disease mobile data collected using ResearchKit},
  author={Bot, B. and Suver, C. and Neto, E. and Kellen, Michael and Klein, Arno and Bare, Christopher and Doerr, Megan and Pratap, Abhishek and Wilbanks, J. and Dorsey, E. and Friend, S. and Trister, A.},
  journal={Scientific Data},
  year={2016},
  volume={3}
}

@article{FisherVectors,
  title={Analyzing Classifiers: Fisher Vectors and Deep Neural Networks},
  author={S. Bach and Alexander Binder and Gr{\'e}goire Montavon and K. M{\"u}ller and W. Samek},
  journal={2016 IEEE Conference on Computer Vision and Pattern Recognition (CVPR)},
  year={2016},
  pages={2912-2920}
}

@inproceedings{axiomatic_attribution,
  title={Axiomatic Attribution for Deep Networks},
  author={M. Sundararajan and Ankur Taly and Qiqi Yan},
  booktitle={ICML},
  year={2017}
}

@inproceedings{rastaPLP,
  author={Hermansky, H. and Morgan, N. and Bayya, A. and Kohn, P.},
  booktitle={ICASSP-92: 1992 IEEE International Conference on Acoustics, Speech, and Signal Processing}, 
  title={Rasta-PLP speech analysis technique}, 
  year={1992},
  pages={121-124},
  volume={1}
}

@article{fralusopark,
    author = {Pinto, Serge and Cardoso, Rita and Sadat, Jasmin and Guimarães, Isabel and Mercier, Céline and Santos, Helena and Atkinson-Clement, Cyril and Carvalho, Joana and Welby, Pauline and Oliveira, Pedro and D'Imperio, Mariapaola and Frota, Sonia and Letanneux, Alban and Vigário, Marina and Cruz, Marisa and Martins, Isabel and Viallet, François and Ferreira, Joaquim},
    year = {2016},
    title = {Dysarthria in individuals with Parkinson's disease: A protocol for a binational, cross-sectional, case-controlled study in French and European Portuguese (FraLusoPark)},
    volume = {6},
    journal = {BMJ Open},
    doi = {10.1136/bmjopen-2016-012885}
}

@article{parkinson_90_percent,
    author = {Froelich, Wojciech and Wróbel, Krzysztof and Porwik, Piotr},
    year = {2015},
    pages = {1358-1363},
    title = {Diagnosis of Parkinson's Disease Using Speech Samples and Threshold-Based Classification},
    volume = {5},
    journal = {Journal of Medical Imaging and Health Informatics},
    doi = {10.1166/jmihi.2015.1539}
}

@misc{MDVR,
    author={Jaeger, Hagen and Trivedi, Dhaval and Stadtschnitzer, Michael},
    year={2019},
    title={Mobile Device Voice Recordings at King's College London (MDVR-KCL) from both early and advanced Parkinson's disease patients and healthy controls [Data set]},
    doi={http://doi.org/10.5281/zenodo.2867216}
}

@article{lime_breast_cancer,
    author = {Pfob, André and Sidey-Gibbons, Chris and Lee, Han-Byoel and Tasoulis, Marios Konstantinos and Koelbel, Vivian and Golatta, Michael and Rauch, Gaiane and Smith, Benjamin and Valero, Vicente and Han, Wonshik and MacNeill, Fiona and Rauch, Geraldine and Kuerer, Henry},
    year = {2020},
    pages = {134-146},
    title = {Identification of breast cancer patients with pathologic complete response in the breast after neoadjuvant systemic treatment by an intelligent vacuum-assisted biopsy},
    volume = {143},
    journal = {European Journal of Cancer},
    doi = {10.1016/j.ejca.2020.11.006}
}

@article{lime_depression,
    author = {Choi, Bongjae and Shim, Geumsook and Jeong, Bumseok and Jo, Sungho},
    year = {2020},
    title = {Data-driven analysis using multiple self-report questionnaires to identify college students at high risk of depressive disorder},
    volume = {10},
    journal = {Scientific Reports},
    doi = {10.1038/s41598-020-64709-7}
}

@article{lime_covid,
    author = {Punn, Narinder and Agarwal, Sonali},
    year = {2020},
    pages = {1-14},
    title = {Automated diagnosis of COVID-19 with limited posteroanterior chest X-ray images using fine-tuned deep neural networks},
    journal = {Applied Intelligence},
    doi = {10.1007/s10489-020-01900-3}
}

@article{alzheimer_2014_1,
    author = {Lopez-de-Ipiña, Karmele and Solé-Casals, Jordi and Eguiraun Martinez, Harkaitz and Alonso, Jesús and Travieso, Carlos and Ecay, M. and Ezeiza, Aitzol and Barroso, Nora and Martinez-Lage, Pablo and Beitia, Blanca},
    year = {2014},
    title = {Feature selection for spontaneous speech analysis to aid in Alzheimer's disease diagnosis: A fractal dimension approach},
    volume = {30},
    journal = {Computer Speech \& Language},
    doi = {10.1016/j.csl.2014.08.002}
}

@article{alzheimer_2014_2,
    author = {Lopez-de-Ipiña, Karmele and Alonso, Jesús and Travieso, Carlos and Solé-Casals, Jordi and Ezeiza, Aitzol and Faundez-Zanuy, Marcos and Beitia, Blanca and Calvo, Pilar},
    year = {2014},
    title = {Feature selection for automatic analysis of emotional response based on nonlinear speech modeling suitable for diagnosis of Alzheimer's disease},
    volume = {150},
    journal = {Neurocomputing},
    doi = {10.1016/j.neucom.2014.05.083}
}

@inproceedings{parkinson_mlp,
  author={Bakar, Z. and Tahir, N. and Yassin, I.},
  booktitle={2010 6th International Colloquium on Signal Processing   its Applications}, 
  title={Classification of Parkinson's disease based on Multilayer Perceptrons Neural Network}, 
  year={2010},
  pages={1-4},
  doi={10.1109/CSPA.2010.5545301}
}

@article{deep_mlp_parkinson,
author = {Wan, Shaohua and Liang, Yan and Zhang, Yin and Guizani, Mohsen},
year = {2018},
title = {Deep Multi-Layer Perceptron Classifier for Behavior Analysis to Estimate Parkinson’s Disease Severity Using Smartphones},
journal = {IEEE Access},
doi = {10.1109/ACCESS.2018.2851382}
}
